@electronic{yang_2017,
  Author = {Yang, T. and Chen, Y. and Vivienne, S.},
  Date-Added = "",
  Date-Modified = "",
  Keywords = "",
  Lastchecked = "",
  Note = {Acesso em: 9 jul. 2021},
  Organization = {Cornell University},
  Title = {Designing Energy-Efficient Convolutional Neural Networks using Energy-Aware Pruning},
  Url =
  {https://arxiv.org/abs/1611.05128},
  Urldate = "",
  Year = {2017}
}